@article{winograd-haskell,
	author="Анисимов~Н.~С. and Строганов~Ю.~В.",
	title="Реализация умножения матриц по Винограду на языке Haskell.",
	journal="Новые информационные технологии в автоматизированных системах",
	year=2018, 
	url="--- Режим доступа: \url{https://cyberleninka.ru/article/n/realizatsiya-algoritma-umnozheniya-matrits-po-vinogradu-na-yazyke-haskell} (дата обращения 03.11.2023)."
}

@article{strassen-elib,
	author="Лапина~Н.~Р. and Булатникова~М.~Е.",
	journal="Математика и ее приложения в современной науке и практике",
	title="Алгоритм Штрассена для умножения матриц",
	year=2014,
	url="--- Режим доступа: \url{https://elibrary.ru/item.asp?id=23140890} (дата обращения 07.11.2023)"
}

@inbook{about-matrix,
	author="Канатников~А.~Н. and Крищенко~А.~П.",
	title="Аналитическая геометрия. Конспект лекций.",
	publisher="",
	volume=132,
	language="russian",
	year=2009
}

@misc{strassen-lect,
  howpublished="--- Режим доступа: \url{https://logic.pdmi.ras.ru/~hirsch/students/cs2005/lecture6.pdf} (дата обращения: 07.11.2023).",
  title="Лекция 6: Сложность рекурсивных алгоритмов. Умножение матриц (над кольцом и булевых). Простой рекурсивный алгоритм для умножения целых чисел. Нахождение пары ближайших точек на плоскости",
}

@misc{cpp-lang,
	title="Документация по Microsoft C++ [Электронный ресурс].",
	howpublished="--- Режим доступа: \url{https://learn.microsoft.com/ru-ru/cpp/?view=msvc-170&viewFallbackFrom=vs-2017} (дата обращения: 25.09.2023)."
}

@misc{ctime,
  title="Standard library header <ctime> [Электронный ресурс].",
  howpublished="--- Режим доступа: \url{https://en.cppreference.com/w/cpp/header/ctime}"
}