@misc{cpp-lang,
	title = {C++ language},
	howpublished = {[Электронный ресурс].~--- Режим доступа: \url{https://en.cppreference.com/w/cpp/language} (дата обращения: 21.12.2023).}
}

@misc{bin-search,
	title = "Binary search algorithm --- {Wikipedia}{,} The Free Encyclopedia",
	howpublished = "[Электронный ресурс].~--- Режим доступа: \url{https://en.wikipedia.org/w/index.php?title=Binary_search_algorithm&oldid=1189854118}",
}