@article{analysis-lev-damlev,
	author="Погорелов~Д.~А. and Таразанов~А.~М.",
	title="Сравнительный анализ алгоритмов редакционного расстояния Левенштейна и Дамерау-Левенштейна",
	journal="Синергия Наук",
	year=2019,
	url="\url{https://elibrary.ru/item.asp?id=36907767} (дата обращения 10.10.2023)."
}

@article{prog-impl-lev,
	author="Траулько~М.~В.",
	title="Программная реализация нечеткого поиска текстовой информации в словаер с помощью расстояния Левенштейна",
	journal="Форум молодых ученых",
	year=2017,
	url="\url{https://cyberleninka.ru/article/n/programmnaya-realizatsiya-nechetkogo-poiska-tekstovoy-informatsii-v-slovare-s-pomoschyu-rasstoyaniya-levenshteyna}. (дата обращения 14.10.2023)"
}

@misc{cpp-lang,
	title="Документация по Microsoft C++ [Электронный ресурс].",
	howpublished="--- Режим доступа: \url{https://learn.microsoft.com/ru-ru/cpp/?view=msvc-170&viewFallbackFrom=vs-2017} (дата обращения: 25.09.2023)."
}
