@inproceedings{inro-clust,
	author = {Каримов, К. Х. and Василий, Е. А.},
	title = {Теоретические основы кластеризации данных},
	booktitle = {Актуальные вопросы фундаментальных и прикладных научных исследований : Сборник научных статей по материалам II Международной научно-практической конференции, Уфа, 19 мая 2023 года. Том Часть 2},
	publisher = {Общество с ограниченной ответственностью ``Научно-издательский центр <<Вестник науки>>''},
	address = {Уфа},
	year = {2023},
	pages = {242--247},
	note = {EDN XNJGQS}
}

@inbook{c-means,
	title = {Разработка и сравнение параллельных реализаций итеративных алгоритмов кластеризации},
	author = {Лосев~Д.~Г.},
	booktitle = {Наука молодых ‐ будущее России : сборник научных статей 6-й Международной научной конференции перспективных разработок молодых ученых (9-10 декабря 2021 года), в 5 томах},
	publisher = {Юго-Зап. гос. ун-т},
	volume = {4},
	address = {Курск},
	pages = {71--74},
	year = {2021}
}

@misc{cpp-lang,
	title = {C++ language},
	howpublished = {[Электронный ресурс].~--- Режим доступа: \url{https://en.cppreference.com/w/cpp/language} (дата обращения: 12.12.2023).}
}

@inproceedings{c-means-steps,
	author={Ming-Chuan Hung and Don-Lin Yang},
	booktitle={Proceedings 2001 IEEE International Conference on Data Mining}, 
	title={An efficient Fuzzy C-Means clustering algorithm}, 
	year={2001},
	volume={},
	number={},
	pages={225--232},
	doi={10.1109/ICDM.2001.989523}}
}

@misc{cpp-lang,
	title={Документация по Microsoft C++},
	howpublished={[Электронный ресурс].--- Режим доступа: \url{https://learn.microsoft.com/ru-ru/cpp/?view=msvc-170&viewFallbackFrom=vs-2017} (дата обращения: 17.12.2023).}
}

@misc{ctime,
	title={Standard library header <ctime>},
	howpublished={[Электронный ресурс].~--- Режим доступа: \url{https://en.cppreference.com/w/cpp/header/ctime} (дата обращения: 17.12.2023).}
}