@inbook{c-means,
	title = {Разработка и сравнение параллельных реализаций итеративных алгоритмов кластеризации},
	author = {Лосев~Д.~Г.},
	booktitle = {Наука молодых ‐ будущее России : сборник научных статей 6-й Международной научной конференции перспективных разработок молодых ученых (9-10 декабря 2021 года), в 5 томах},
	publisher = {Юго-Зап. гос. ун-т},
	volume = {4},
	address = {Курск},
	pages = {71--74},
	year = {2021}
}

@misc{cpp-lang,
	title = {C++ language},
	howpublished = {[Электронный ресурс].~--- Режим доступа: \url{https://en.cppreference.com/w/cpp/language} (дата обращения: 21.12.2023).}
}

@inproceedings{c-means-steps,
	author={Ming-Chuan Hung and Don-Lin Yang},
	booktitle={Proceedings 2001 IEEE International Conference on Data Mining}, 
	title={An efficient Fuzzy C-Means clustering algorithm}, 
	year={2001},
	volume={},
	number={},
	pages={225--232},
	doi={10.1109/ICDM.2001.989523}}
}

@misc{cpp-ctime,
	title={Standard library header <ctime>},
	howpublished={[Электронный ресурс].~--- Режим доступа: \url{https://en.cppreference.com/w/cpp/thread/thread} (дата обращения: 21.12.2023).}
}

@misc{cpp-thread,
	title = "std::thread",
	howpublished = {[Электронный ресурс].~--- Режим доступа: \url{https://en.cppreference.com/w/cpp/thread/thread} (дата обращения: 22.12.2023).}
}

@misc{cpp-mutex,
	title = "std::mutex",
	howpublished = {[Электронный ресурс].~--- Режим доступа: \url{https://en.cppreference.com/w/cpp/thread/mutex} (дата обращения: 22.12.2023).}
}

@misc{midi,
	title = "MIDI --- {Wikipedia}{,} The Free Encyclopedia",
	howpublished = {[Электронный ресурс].~--- Режим доступа: \url{https://en.wikipedia.org/w/index.php?title=MIDI&oldid=1190344258} (дата обращения: 21.12.2023).}
}

@misc{midifile,
	title = "Midifile: C++ MIDI file parsing library",
	howpublished = {[Электронный ресурс].~--- Режим доступа: \url{https://github.com/craigsapp/midifile} (дата обращения: 22.12.2023).}
}

